<?xml version="1.0" encoding="UTF-8"?>

  <srw:records>
    <srw:record>
      <srw:recordSchema>InterXMarc_Complet</srw:recordSchema>
      <srw:recordPacking>xml</srw:recordPacking>
      <srw:recordData>

<record Numero="11972731" format="InterXMarc_Complet" type="Authority">
<leader>00418c0 as22000272  45  <Pos Code="0004">00418</Pos>
<Pos Code="05" Sens="notice modifiée">c</Pos>
<Pos Code="06" Sens="notice validée par les services d&apos;autorité">0</Pos>
<Pos Code="08" Sens="notice d&apos;autorité">a</Pos>
<Pos Code="09" Sens="titre conventionnel (TIC)">s</Pos>
<Pos Code="10">2</Pos>
<Pos Code="11">2</Pos>
<Pos Code="1216">00027</Pos>
<Pos Code="17" Sens="autres cas">2</Pos>
<Pos Code="20">4</Pos>
<Pos Code="21">5</Pos>
</leader>
<controlfield tag="001">FRBNF119727317<Pos Code="0001">FR</Pos>
<Pos Code="0204">BNF</Pos>
<Pos Code="0512">11972731</Pos>
<Pos Code="13">7</Pos>
</controlfield>
<controlfield tag="008">850529031229yy              1513                             210 <Pos Code="0001">85</Pos>
<Pos Code="0203">05</Pos>
<Pos Code="0405">29</Pos>
<Pos Code="0607">03</Pos>
<Pos Code="0809">12</Pos>
<Pos Code="1011">29</Pos>
<Pos Code="1213" Sens="ne s&apos;applique pas">yy</Pos>
<Pos Code="2831">1513</Pos>
<Pos Code="61" Sens="La vedette peut être liée à une notice bibliographique uniquement pour l&apos;accès matière RAMEAU">2</Pos>
<Pos Code="62" Sens="La vedette ne peut s&apos;employer qu&apos;en tête de vedette">1</Pos>
<Pos Code="63" Sens="La vedette n&apos;admet pas de subdivision géographique">0</Pos>
</controlfield>
<datafield tag="043" ind1=" " ind2=" ">
	<subfield code="o" Sens="Oeuvres des beaux-arts et des arts décoratifs ">ba</subfield>
	<subfield code="b" Sens="Peinture">pe</subfield>
</datafield>
<datafield tag="100" ind1=" " ind2=" ">
	<subfield code="3">11912491</subfield>
	<subfield code="w">.1..b.fre.</subfield>
	<subfield code="a">Léonard de Vinci</subfield>
	<subfield code="d">1452-1519</subfield>
</datafield>
<datafield tag="145" ind1="1" ind2=" ">
	<subfield code="w">.0  b.....</subfield>
	<subfield code="a">Salvator mundi</subfield>
</datafield>
<datafield tag="600" ind1=" " ind2=" ">
	<subfield code="a">Tableau conservé au chateau de Courances, dans la collection du Marquis de Ganay</subfield>
</datafield>
<datafield tag="610" ind1=" " ind2=" ">
	<subfield code="u">http://www.artguidenw.com/LeoEd.htm</subfield>
	<subfield code="d">2003-11-13</subfield>
</datafield>
<datafield tag="624" ind1=" " ind2=" ">
	<subfield code="a">750<Pos Code="0002" Sens="Peinture">750</Pos>
</subfield>
</datafield>
<datafield tag="907" ind1=" " ind2=" ">
	<subfield code="o">GEA</subfield>
	<subfield code="a">001049395</subfield>
</datafield>
<datafield tag="917" ind1=" " ind2=" ">
	<subfield code="o">OPL</subfield>
	<subfield code="a">002076363</subfield>
</datafield>
<Alter Ori="11912491">
<datafield tag="100" ind1=" " ind2=" ">
	<subfield code="w">.0..b.ita.</subfield>
	<subfield code="a">Leonardo da Vinci</subfield>
	<subfield code="d">1452-1519</subfield>
</datafield>
<datafield tag="400" ind1=" " ind2=" ">
	<subfield code="w">....b.....</subfield>
	<subfield code="a">Vinci</subfield>
	<subfield code="m">Léonard de</subfield>
	<subfield code="d">1452-1519</subfield>
</datafield>
<datafield tag="400" ind1=" " ind2=" ">
	<subfield code="w">....b.....</subfield>
	<subfield code="a">Vinci</subfield>
	<subfield code="m">Leonardo da</subfield>
	<subfield code="d">1452-1519</subfield>
</datafield>
<datafield tag="400" ind1=" " ind2=" ">
	<subfield code="w">....b.....</subfield>
	<subfield code="a">Da Vinci</subfield>
	<subfield code="d">1452-1519</subfield>
</datafield>
<datafield tag="400" ind1=" " ind2=" ">
	<subfield code="w">....bxjpn.</subfield>
	<subfield code="a">Da Vinchi</subfield>
	<subfield code="d">1452-1519</subfield>
</datafield>
<datafield tag="400" ind1=" " ind2=" ">
	<subfield code="w">....5.jpn.</subfield>
	<subfield code="a">ダ・ヴィンチ</subfield>
	<subfield code="d">1452-1519</subfield>
</datafield>
<datafield tag="031" ind1=" " ind2=" ">
	<subfield code="a">000000012124423X</subfield>
	<subfield code="2" Sens="ISNI chargé à partir de VIAF">VIAF</subfield>
	<subfield code="d">20130724<Pos Code="0003">2013</Pos>
<Pos Code="0407" Sens="24 juillet">0724</Pos>
</subfield>
</datafield>
</Alter>
<Attr Nom="IDPerenne">ark:/12148/cb119727310</Attr>
<Attr Nom="NumSource">GEA 001049395</Attr>
<Attr Nom="Source" Sens="BnF catalogue général (depuis 1999)">A</Attr>
<Attr Nom="NbAutoritesTICLiees">0</Attr>
<Attr Nom="NbAutoritesTUMLiees">0</Attr>
<Attr Nom="NumAutoriteLiee">11912491</Attr>
<Attr Nom="DateCreation">06/07/1985</Attr>
<Attr Nom="ResponsableCreation">MIGV1</Attr>
<Attr Nom="StructCreation">1</Attr>
<Attr Nom="DateDerniereValidation">22/11/2018</Attr>
<Attr Nom="ResponsableDerniereValidation">MIGV5</Attr>
<Attr Nom="StructPremiereValidation">1</Attr>
<Attr Nom="DatePremiereValidation">06/07/1985</Attr>
<Attr Nom="ResponsablePremiereValidation">MIGV1</Attr>
<Attr Nom="StructDerniereValidation">1</Attr>
<Attr Nom="NumSource" Rep="1">OPL 002076363</Attr>
</record>
      </srw:recordData>
      <srw:recordIdentifier>ark:/12148/cb119727310</srw:recordIdentifier>
      <srw:recordPosition>1</srw:recordPosition>
    </srw:record>