
    <srw:record>
      <srw:recordSchema>InterXMarc_Complet</srw:recordSchema>
      <srw:recordPacking>xml</srw:recordPacking>
      <srw:recordData>

<record Numero="11935154" format="InterXMarc_Complet" type="Authority">
<leader>00469c1 as22000272  45  <Pos Code="0004">00469</Pos>
<Pos Code="05" Sens="notice modifiée">c</Pos>
<Pos Code="06" Sens="notice validée en catalogage courant">1</Pos>
<Pos Code="08" Sens="notice d&apos;autorité">a</Pos>
<Pos Code="09" Sens="titre conventionnel (TIC)">s</Pos>
<Pos Code="10">2</Pos>
<Pos Code="11">2</Pos>
<Pos Code="1216">00027</Pos>
<Pos Code="17" Sens="autres cas">2</Pos>
<Pos Code="20">4</Pos>
<Pos Code="21">5</Pos>
</leader>
<controlfield tag="001">FRBNF119351548<Pos Code="0001">FR</Pos>
<Pos Code="0204">BNF</Pos>
<Pos Code="0512">11935154</Pos>
<Pos Code="13">8</Pos>
</controlfield>
<controlfield tag="008">810213060208yyfre           1776      1778                   010 <Pos Code="0001">81</Pos>
<Pos Code="0203">02</Pos>
<Pos Code="0405">13</Pos>
<Pos Code="0607">06</Pos>
<Pos Code="0809">02</Pos>
<Pos Code="1011">08</Pos>
<Pos Code="1213" Sens="ne s&apos;applique pas">yy</Pos>
<Pos Code="1416" Sens="français">fre</Pos>
<Pos Code="2831">1776</Pos>
<Pos Code="3841">1778</Pos>
<Pos Code="61" Sens="La vedette peut être liée à une notice bibliographique pour les accès signalétiques et/ou pour l&apos;accès matière RAMEAU">0</Pos>
<Pos Code="62" Sens="La vedette ne peut s&apos;employer qu&apos;en tête de vedette">1</Pos>
<Pos Code="63" Sens="La vedette n&apos;admet pas de subdivision géographique">0</Pos>
</controlfield>
<datafield tag="043" ind1=" " ind2=" ">
	<subfield code="o" Sens="Oeuvres textuelles">te</subfield>
</datafield>
<datafield tag="100" ind1=" " ind2=" ">
	<subfield code="3">11922879</subfield>
	<subfield code="w">.0..b.....</subfield>
	<subfield code="a">Rousseau</subfield>
	<subfield code="m">Jean-Jacques</subfield>
	<subfield code="d">1712-1778</subfield>
</datafield>
<datafield tag="145" ind1="1" ind2="6">
	<subfield code="w">.0..b.fre.</subfield>
	<subfield code="a" Barre="4">Les rêveries du promeneur solitaire</subfield>
</datafield>
<datafield tag="600" ind1=" " ind2=" ">
	<subfield code="a">Suite de dix promenades autobiographiques composées entre 1776 et 1778 et publiées en 1782</subfield>
</datafield>
<datafield tag="610" ind1=" " ind2=" ">
	<subfield code="a">Laffont Bompiani, Oeuvres, 1994</subfield>
</datafield>
<datafield tag="610" ind1=" " ind2=" ">
	<subfield code="a">Van Tieghem</subfield>
	<subfield code="a">Beaumarchais</subfield>
</datafield>
<datafield tag="624" ind1=" " ind2=" ">
	<subfield code="a">800<Pos Code="0002" Sens="Littératures">800</Pos>
</subfield>
</datafield>
<datafield tag="907" ind1=" " ind2=" ">
	<subfield code="o">GEA</subfield>
	<subfield code="a">000563148</subfield>
</datafield>
<datafield tag="917" ind1=" " ind2=" ">
	<subfield code="o">OPL</subfield>
	<subfield code="a">001566332</subfield>
</datafield>
<Alter Ori="11922879">
<datafield tag="400" ind1=" " ind2=" ">
	<subfield code="w">....b.eng.</subfield>
	<subfield code="a">Rousseau</subfield>
	<subfield code="m">John James</subfield>
	<subfield code="d">1712-1778</subfield>
</datafield>
<datafield tag="400" ind1=" " ind2=" ">
	<subfield code="w">....b.ger.</subfield>
	<subfield code="a">Rousseau</subfield>
	<subfield code="m">Johann Jacob</subfield>
	<subfield code="d">1712-1778</subfield>
</datafield>
<datafield tag="400" ind1=" " ind2=" ">
	<subfield code="w">....bagrm.</subfield>
	<subfield code="a">Roussṓ</subfield>
	<subfield code="m">Iōánnīs Iákōvos</subfield>
	<subfield code="d">1712-1778</subfield>
</datafield>
<datafield tag="400" ind1=" " ind2=" ">
	<subfield code="w">....bagrp.</subfield>
	<subfield code="a">Roussṓ</subfield>
	<subfield code="m">̓Iōánnīs  ̓Iákōvos</subfield>
	<subfield code="d">1712-1778</subfield>
</datafield>
<datafield tag="400" ind1=" " ind2=" ">
	<subfield code="w">....g.grm.</subfield>
	<subfield code="a">Ρουσσώ</subfield>
	<subfield code="m">Ιωάννης Ιάκωβος</subfield>
	<subfield code="d">1712-1778</subfield>
</datafield>
<datafield tag="400" ind1=" " ind2=" ">
	<subfield code="w">....g.grp.</subfield>
	<subfield code="a">Ρουσσώ</subfield>
	<subfield code="m">Ἰωάννης Ἰάκωβος</subfield>
	<subfield code="d">1712-1778</subfield>
</datafield>
<datafield tag="400" ind1=" " ind2=" ">
	<subfield code="w">....b.ita.</subfield>
	<subfield code="a">Rousseau</subfield>
	<subfield code="m">Jan Giacom</subfield>
	<subfield code="d">1712-1778</subfield>
</datafield>
<datafield tag="400" ind1=" " ind2=" ">
	<subfield code="w">....b.pol.</subfield>
	<subfield code="a">Rousseau</subfield>
	<subfield code="m">Jan Jakób</subfield>
	<subfield code="d">1712-1778</subfield>
</datafield>
<datafield tag="400" ind1=" " ind2=" ">
	<subfield code="w">....b.spa.</subfield>
	<subfield code="a">Rousseau</subfield>
	<subfield code="m">Juan Jacobo</subfield>
	<subfield code="d">1712-1778</subfield>
</datafield>
<datafield tag="400" ind1=" " ind2=" ">
	<subfield code="w">...2b     </subfield>
	<subfield code="a">Renou</subfield>
	<subfield code="m">Monsieur</subfield>
	<subfield code="d">1712-1778</subfield>
</datafield>
<datafield tag="031" ind1=" " ind2=" ">
	<subfield code="a">0000000121451116</subfield>
	<subfield code="2" Sens="ISNI chargé à partir de VIAF">VIAF</subfield>
	<subfield code="d">20130724<Pos Code="0003">2013</Pos>
<Pos Code="0407" Sens="24 juillet">0724</Pos>
</subfield>
</datafield>
</Alter>
<Attr Nom="IDPerenne">ark:/12148/cb11935154w</Attr>
<Attr Nom="NumSource">GEA 000563148</Attr>
<Attr Nom="Source" Sens="BnF catalogue général (depuis 1999)">A</Attr>
<Attr Nom="NbAutoritesTICLiees">0</Attr>
<Attr Nom="NbAutoritesTUMLiees">0</Attr>
<Attr Nom="NumAutoriteLiee">11922879</Attr>
<Attr Nom="DateCreation">06/07/1985</Attr>
<Attr Nom="ResponsableCreation">MIGV1</Attr>
<Attr Nom="StructCreation">1</Attr>
<Attr Nom="DateDerniereValidation">22/11/2018</Attr>
<Attr Nom="ResponsableDerniereValidation">MIGV5</Attr>
<Attr Nom="StructPremiereValidation">1</Attr>
<Attr Nom="DatePremiereValidation">06/07/1985</Attr>
<Attr Nom="ResponsablePremiereValidation">MIGV1</Attr>
<Attr Nom="StructDerniereValidation">1</Attr>
<Attr Nom="NumSource" Rep="1">OPL 001566332</Attr>
</record>
      </srw:recordData>
      <srw:recordIdentifier>ark:/12148/cb11935154w</srw:recordIdentifier>
      <srw:recordPosition>2</srw:recordPosition>
    </srw:record>
  </srw:records>
